@Article{wikipediaciting,
  author = {Wikipedia},
  title = {Citing, From Wikipedia, the free encyclopedia.},
  journal = {http://en.wikipedia.org/wiki/Wikipedia:Citing\_sources},
  year = {2012}
}
